@article{reckman2010learning,
  title={Learning meanings of words and constructions, grounded in a virtual game},
  author={Reckman, H. and Orkin, J. and Roy, D.},
  journal={Semantic Approaches in Natural Language Processing},
  pages={67},
  year={2010}
}	

@inproceedings{von2004labeling,
  title={Labeling images with a computer game},
  author={Von Ahn, L. and Dabbish, L.},
  booktitle={Proceedings of the SIGCHI conference on Human factors in computing systems},
  pages={319--326},
  year={2004},
  organization={ACM}
}

@article{noy2006testing,
  title={Testing social theories in computer-mediated communication through gaming and simulation},
  author={Noy, A. and Raban, D.R. and Ravid, G.},
  journal={Simulation \& Gaming},
  volume={37},
  number={2},
  pages={174},
  year={2006},
  publisher={Sage Publications}
}

@article{thavikulwat2009social,
  title={Social choice in a computer-assisted simulation},
  author={Thavikulwat, P.},
  journal={Simulation \& Gaming},
  volume={40},
  number={4},
  pages={488},
  year={2009},
  publisher={SAGE Publications}
}

@article{lucasusefulness,
  title={Usefulness of Simulating Social Phenomena},
  author={Lucas, P.},
  journal={Killer robots or friendly fridges: the social understanding of Artificial Intelligence},
  publisher={Citeseer}
}

@article{garson2009computerized,
  title={Computerized Simulation in the Social Sciences},
  author={Garson, G.D.},
  journal={Simulation \& Gaming},
  volume={40},
  number={2},
  pages={267},
  year={2009},
  publisher={SAGE Publications}
}

@article{berry2002adaptive,
  title={Adaptive agents, intelligence, and emergent human organization: Capturing complexity through agent-based modeling},
  author={Berry, B.J.L. and Kiel, L.D. and Elliott, E.},
  journal={Proceedings of the National Academy of Sciences of the United States of America},
  volume={99},
  number={Suppl 3},
  pages={7187},
  year={2002},
  publisher={National Acad Sciences}
}

@book{epstein1996growing,
  title={Growing artificial societies: social science from the bottom up},
  author={Epstein, J.M. and Axtell, R.},
  year={1996},
  publisher={The MIT Press}
}

@inproceedings{hong2004evolution,
  title={Evolution of emergent behaviors for shooting game characters in robocode},
  author={Hong, J.H. and Cho, S.B.},
  booktitle={Evolutionary Computation, 2004. CEC2004. Congress on},
  volume={1},
  pages={634--638},
  organization={IEEE}
}

@inproceedings{kriegel2008emergent,
  title={Emergent narrative as a novel framework for massively collaborative authoring},
  author={Kriegel, M. and Aylett, R.},
  booktitle={Intelligent Virtual Agents},
  pages={73--80},
  year={2008},
  organization={Springer}
}

@book{taylor2006play,
  title={Play between worlds: Exploring online game culture},
  author={Taylor, TL},
  year={2006},
  publisher={The MIT Press}
}

@article{de1998retooling,
  title={Retooling play: Dystopia, dysphoria, and difference},
  author={De Castell, S. and Bryson, M.},
  journal={From Barbie to Mortal Kombat: gender and computer games},
  pages={232--261},
  year={1998}
}

@article{sanford2007ma,
  title={I’ma warrior, I’ma monster--Who am I anyway? Shifting/Shaping Identity through Video Game Play},
  author={Sanford, K. and Madill, L.},
  journal={Loading...},
  volume={1},
  number={1},
  year={2007}
}

@ONLINE{vrandsocialnetworks,
author = {Bailenson, J. and Blascovich, J.},
title = {Virtual Reality and Social Networks Will Be a Powerful Combination},
month = jun,
year = {2011},
url = {http://spectrum.ieee.org/telecom/internet/virtual-reality-and-social-networks-will-be-a-powerful-combination/0}
}

@article{atkinson1994ethnography,
  title={Ethnography and participant observation},
  author={Atkinson, P. and Hammersley, M. and others},
  journal={Handbook of qualitative research},
  volume={1},
  pages={248--261},
  year={1994}
}

@article{geertzthick,
  title={Thick description: Toward an interpretive theory of culture},
  author={Geertz, C.},
  journal={Culture: critical concepts in sociology},
  pages={173--196}
}

@book{philipsen1992speaking,
  title={Speaking culturally: Explorations in social communication},
  author={Philipsen, G.},
  year={1992},
  publisher={State Univ of New York Pr}
}

@article{gold1958roles,
  title={Roles in sociological field observations},
  author={Gold, R.L.},
  journal={Social forces},
  volume={36},
  number={3},
  pages={217--223},
  year={1958},
  publisher={JSTOR}
}

@book{junker1960field,
  title={Field work: An introduction to the social sciences},
  author={Junker, B.H.},
  year={1960},
  publisher={University of Chicago Press}
}

@ONLINE{smithm1997participantobservation,
author={Smith, Mark K.},
title={Participant observation and informal education},
year = {2011},
url = {www.infed.org/research/participant_observation.htm}
}

@article{auer2005postscript,
  title={A postscript: code-switching and social identity},
  author={Auer, P.},
  journal={Journal of pragmatics},
  volume={37},
  number={3},
  pages={403--410},
  year={2005},
  publisher={Elsevier}
}

@ONLINE{norvig,
author={Norvig, Peter R.},
title={http://norvig.com/spell-correct.html},
year = {2011},
url = {http://norvig.com/spell-correct.html}
}

@ARTICLE{QRS,
author={Pan, Jiapu and Tompkins, Willis J.}, 
journal={Biomedical Engineering, IEEE Transactions on}, 
title={A Real-Time QRS Detection Algorithm}, 
year={1985}, 
month={march }, 
volume={BME-32}, 
number={3}, 
pages={230 -236}, 
keywords={Analog-Digital Conversion;Electrocardiography;Evaluation Studies as Topic;Filtration;Humans;Mathematics;}, 
doi={10.1109/TBME.1985.325532}, 
ISSN={0018-9294},}

@article{Gunter2005437,
title = "Off-line cursive handwriting recognition using multiple classifier systems?on the influence of vocabulary, ensemble, and training set size",
journal = "Optics and Lasers in Engineering",
volume = "43",
number = "3-5",
pages = "437 - 454",
year = "2005",
note = "<ce:title>Optics in Switzerland</ce:title>",
issn = "0143-8166",
doi = "10.1016/j.optlaseng.2004.01.004",
url = "http://www.sciencedirect.com/science/article/pii/S0143816604001034",
author = "Simon Gunter and Horst Bunke",
keywords = "Multiple classifier combination",
keywords = "Ensemble methods",
keywords = "Training set size",
keywords = "Vocabulary size",
keywords = "Ensemble size",
keywords = "Handwritten text recognition",
keywords = "Hidden Markov model (HMM)"
}

@article{hartigan1979algorithm,
  author = {Hartigan, JA and Wong, MA},
  interhash = {10d6d33920d9af578a4d0a556dc1477d},
  intrahash = {4b1e1c977e96709b894d996598e4a338},
  journal = {Applied Statistics},
  pages = {100--108},
  publisher = {Royal Statistical Society},
  title = {{Algorithm AS 136: A K-means clustering algorithm}},
  year = 1979,
  timestamp = {2009-09-21T13:52:25.000+0200},
  keywords = {imported},
  added-at = {2009-09-21T13:52:25.000+0200},
  biburl = {http://www.bibsonomy.org/bibtex/24b1e1c977e96709b894d996598e4a338/taynaud}
}



@inbook{Berndt_Clifford_1994, 
title={Using dynamic time warping to find patterns in time series}, 
url={http://www.mendeley.com/research/using-dynamic-time-warping-to-find-patterns-in-time-series/}, 
booktitle={New York}, author={Berndt, D and Clifford, James}, 
year={1994}, pages={359--370}}

@ARTICLE{Tappert, 
author={Tappert, C.C. and Suen, C.Y. and Wakahara, T.}, 
journal={Pattern Analysis and Machine Intelligence, IEEE Transactions on}, 
title={The state of the art in online handwriting recognition}, 
year={1990}, 
month={aug}, 
volume={12}, 
number={8}, 
pages={787 -808}, 
keywords={character recognition;digitizer technology;offline recognition;online handwriting recognition;postprocessing;preprocessing;shape recognition;user interfaces;character recognition;user interfaces;}, 
doi={10.1109/34.57669}, 
ISSN={0162-8828},}

@ARTICLE{Jianying, 
author={Jianying Hu and Brown, M.K. and Turin, W.}, 
journal={Pattern Analysis and Machine Intelligence, IEEE Transactions on}, 
title={HMM based online handwriting recognition}, 
year={1996}, 
month={oct}, 
volume={18}, 
number={10}, 
pages={1039 -1045}, 
keywords={evolution grammar;handwritten character recognition;hidden Markov model;invariant features;online handwriting recognition;segmental features;stochastic language model;subcharacter stroke model;writer independent recognition;character recognition;computer vision;context-free grammars;feature extraction;hidden Markov models;image segmentation;real-time systems;}, 
doi={10.1109/34.541414}, 
ISSN={0162-8828},}

@INPROCEEDINGS{Bahlmann, 
author={Bahlmann, C. and Haasdonk, B. and Burkhardt, H.}, 
booktitle={Frontiers in Handwriting Recognition, 2002. Proceedings. Eighth International Workshop on}, 
title={Online handwriting recognition with support vector machines - a kernel approach}, 
year={2002}, 
month={}, 
volume={}, 
number={}, 
pages={ 49 - 54}, 
keywords={ HMM model; UNIPEN handwriting data; dynamic time warping; hidden Markov model; kernel function; online handwriting recognition; optimization; pattern classification; support vector machines; handwritten character recognition; hidden Markov models; learning automata; optimisation; pattern classification; real-time systems;}, 
doi={10.1109/IWFHR.2002.1030883}, 
ISSN={ },}

@INPROCEEDINGS{Tanaka, 
author={Tanaka, H. and Nakajima, K. and Ishigaki, K. and Akiyama, K. and Nakagawa, M.}, 
booktitle={Document Analysis and Recognition, 1999. ICDAR '99. Proceedings of the Fifth International Conference on}, 
title={Hybrid pen-input character recognition system based on integration of online-offline recognition}, 
year={1999}, 
month={sep}, 
volume={}, 
number={}, 
pages={209 -212}, 
keywords={bitmap image;deformed patterns;handwritten character database;hybrid pen-input character recognition system;input pattern;offline recognition;online recognition;overwritten patterns;painted patterns;recognition rate;x-y coordinates;character recognition equipment;handwritten character recognition;microcomputer applications;notebook computers;online operation;}, 
doi={10.1109/ICDAR.1999.791761}, 
ISSN={},}

@ARTICLE{Yuan, 
author={Yuan Y. Tang and Lo-Ting Tu and Jiming Liu and Seong-Whan Lee and Win-Win Lin}, 
journal={Pattern Analysis and Machine Intelligence, IEEE Transactions on}, 
title={Off-line recognition of Chinese handwriting by multifeature and multilevel classification}, 
year={1998}, 
month={may}, 
volume={20}, 
number={5}, 
pages={556 -561}, 
keywords={Chinese character recognition;Gaussian distribution selector;OCR;multifeature classification;multilevel classification;off-line recognition;overlap clustering;peripheral shape features;stroke density features;stroke direction features;Gaussian distribution;feature extraction;optical character recognition;pattern classification;}, 
doi={10.1109/34.682186}, 
ISSN={0162-8828},}

@inbook{De_Mello_Gondra_2008, 
title={Multi-dimensional dynamic time warping for image texture similarity}, 
volume={5249 LNAI}, url={http://dx.doi.org/10.1007/978-3-540-88190-2-8}, 
booktitle={Lecture Notes in Computer Science including subseries Lecture Notes in Artificial Intelligence and Lecture Notes in Bioinformatics}, 
author={De Mello, Rodrigo Fernandes and Gondra, Iker}, year={2008}, pages={23--32}}

@article{due1996feature,
  title={Feature extraction methods for character recognition-a survey},
  author={Due Trier, {\O}. and Jain, A.K. and Taxt, T.},
  journal={Pattern recognition},
  volume={29},
  number={4},
  pages={641--662},
  year={1996},
  publisher={Elsevier}
}


